

@Manual{citeR,
    title = {{R: A Language and Environment for Statistical Computing}},
    author = {{R Core Team}},
    organization = {R Foundation for Statistical Computing},
    address = {Vienna, Austria},
    year = {2023},
    url = {https://www.R-project.org/},
  }
  
    @Manual{citeopendatatoronto,
    title = {opendatatoronto: Access the City of Toronto Open Data Portal},
    author = {Sharla Gelfand},
    year = {2022},
    note = {R package version 0.1.5},
    url = {https://CRAN.R-project.org/package=opendatatoronto},
  }

@misc{toronto2024licensed,
  author = {{City of Toronto}},
  title = {Licensed Child Care Centres Dataset},
  year = {2024},
  howpublished = {\url{https://open.toronto.ca/dataset/licensed-child-care-centres/}},
  note = {Accessed: 2024-12-10}
}

  
  @book{tellingstories,
    title = {Telling Stories with Data},
    author = {Rohan Alexander},
    year = {2023},
    publisher = {Chapman; Hall/CRC},
    url = {https://tellingstorieswithdata.com/}
  }  
  

@Manual{citereadr,
    title = {{readr}: Read Rectangular Text Data},
    author = {Hadley Wickham and Jim Hester and Jennifer Bryan},
    year = {2024},
    note = {R package version 2.1.5},
    url = {https://CRAN.R-project.org/package=readr},
  }
  
@Article{citetidyverse,
    title = {Welcome to the {tidyverse}},
    author = {Hadley Wickham and Mara Averick and Jennifer Bryan and Winston Chang and Lucy D'Agostino McGowan and Romain François and Garrett Grolemund and Alex Hayes and Lionel Henry and Jim Hester and Max Kuhn and Thomas Lin Pedersen and Evan Miller and Stephan Milton Bache and Kirill Müller and Jeroen Ooms and David Robinson and Dana Paige Seidel and Vitalie Spinu and Kohske Takahashi and Davis Vaughan and Claus Wilke and Kara Woo and Hiroaki Yutani},
    year = {2019},
    journal = {Journal of Open Source Software},
    volume = {4},
    number = {43},
    pages = {1686},
    doi = {10.21105/joss.01686},
  }


@Manual{citedplyr,
    title = {{dplyr}: A Grammar of Data Manipulation},
    author = {Hadley Wickham and Romain François and Lionel Henry and Kirill Müller and Davis Vaughan},
    year = {2023},
    note = {R package version 1.1.4},
    url = {https://CRAN.R-project.org/package=dplyr},
  }

@Book{citeggplot2,
    author = {Hadley Wickham},
    title = {{ggplot2}: Elegant Graphics for Data Analysis},
    publisher = {Springer-Verlag New York},
    year = {2016},
    isbn = {978-3-319-24277-4},
    url = {https://ggplot2.tidyverse.org},
  }


@Book{citecar,
    title = {An {R} Companion to Applied Regression},
    edition = {Third},
    author = {John Fox and Sanford Weisberg},
    year = {2019},
    publisher = {Sage},
    address = {Thousand Oaks {CA}},
    url = {https://www.john-fox.ca/Companion/},
  }

@Article{citecaret,
    title = {Building Predictive Models in R Using the caret Package},
    volume = {28},
    url = {https://www.jstatsoft.org/index.php/jss/article/view/v028i05},
    doi = {10.18637/jss.v028.i05},
    number = {5},
    journal = {Journal of Statistical Software},
    author = {{Kuhn} and {Max}},
    year = {2008},
    pages = {1–26},
  }
  
@Manual{citestagazer,
    title = {{stargazer}: Well-Formatted Regression and Summary Statistics Tables},
    author = {Marek Hlavac},
    year = {2022},
    note = {R package version 5.2.3},
    organization = {Social Policy Institute},
    address = {Bratislava, Slovakia},
    url = {https://CRAN.R-project.org/package=stargazer},
  }
  
@Manual{citeknitr,
  title = {{knitr}: A General-Purpose Package for Dynamic Report Generation in R},
  author = {Yihui Xie},
  year = {2021},
  url = {https://yihui.org/knitr/},
  note = {R package version 1.33}
}

@article{cleveland2009nonprofit,
  title={The nonprofit advantage: Producing quality in thick and thin child care markets},
  author={Cleveland, Gordon and Krashinsky, Michael},
  journal={Journal of Policy Analysis and Management},
  volume={28},
  number={3},
  pages={440--462},
  year={2009},
  publisher={Wiley Online Library}
}

@article{vines2020accessing,
  title={Accessing equity: challenges middle-income families face finding high quality childcare},
  author={Vines, Shere'lle Ramsey},
  year={2020}
}
@article{Johnson_Ryan_Brooks_2012, title={Child‐care subsidies: Do they impact the quality of care children experience?}, volume={83}, DOI={10.1111/j.1467-8624.2012.1780.x}, number={4}, journal={Child Development}, author={Johnson, Anna D. and Ryan, Rebecca M. and Brooks‐Gunn, Jeanne}, year={2012}, month={Jun}, pages={1444–1461}} 

@article{ryan2011impact,
  title={The impact of child care subsidy use on child care quality},
  author={Ryan, Rebecca M and Johnson, Anna and Rigby, Elizabeth and Brooks-Gunn, Jeanne},
  journal={Early Childhood Research Quarterly},
  volume={26},
  number={3},
  pages={320--331},
  year={2011},
  publisher={Elsevier}
}

@book{anheier2014nonprofit,
  title={Nonprofit organizations: Theory, management, policy},
  author={Anheier, Helmut K},
  year={2014},
  publisher={Routledge}
}

@article{hansmann1979role,
  title={The role of nonprofit enterprise},
  author={Hansmann, Henry B},
  journal={Yale LJ},
  volume={89},
  pages={835},
  year={1979},
  publisher={HeinOnline}
}

@book{weisbrod2000profit,
  title={To profit or not to profit: The commercial transformation of the nonprofit sector},
  author={Weisbrod, Burton A},
  year={2000},
  publisher={Cambridge University Press}
}

@book{hosmer2013applied,
  title={Applied logistic regression},
  author={Hosmer Jr, David W and Lemeshow, Stanley and Sturdivant, Rodney X},
  year={2013},
  publisher={John Wiley \& Sons}
}

@article{peng2002introduction,
  title={An introduction to logistic regression analysis and reporting},
  author={Peng, Chao-Ying Joanne and Lee, Kuk Lida and Ingersoll, Gary M},
  journal={The journal of educational research},
  volume={96},
  number={1},
  pages={3--14},
  year={2002},
  publisher={Taylor \& Francis}
}

@article{harrell2012regression,
  title={Regression modeling strategies},
  author={Harrell, Frank E},
  journal={R package version},
  pages={6--2},
  year={2012},
  publisher={Springer}
}

@article{steyerberg2010assessing,
  title={Assessing the performance of prediction models: a framework for traditional and novel measures},
  author={Steyerberg, Ewout W and Vickers, Andrew J and Cook, Nancy R and Gerds, Thomas and Gonen, Mithat and Obuchowski, Nancy and Pencina, Michael J and Kattan, Michael W},
  journal={Epidemiology},
  volume={21},
  number={1},
  pages={128--138},
  year={2010},
  publisher={LWW}
}

@article{burnhammodel,
  title={Model Selection and Multimodel Inference: A Practical Information-Theoretic Approach2nd ed. 2002Springer-Verlag},
  author={Burnham, KP and Anderson, DR},
  journal={New York}
}

@incollection{blau2006preschool,
  author    = {Blau, David M. and Currie, Janet},
  title     = {Pre-school, day care, and after-school care: Who's minding the kids?},
  booktitle = {Handbook of the Economics of Education},
  year      = {2006},
  editor    = {Eric A. Hanushek and Finis Welch},
  publisher = {Elsevier},
  volume    = {2},
  pages     = {1163--1278},
  doi       = {10.1016/S1574-0692(06)02020-4}
}

@book{cleveland2003benefits,
  author    = {Cleveland, Gordon and Krashinsky, Michael},
  title     = {The Benefits and Costs of Good Child Care},
  year      = {2003},
  publisher = {University of Toronto Press},
  address   = {Toronto, Canada},
  isbn      = {9780802082768}
}

@article{fuller1996family,
  author    = {Fuller, Bruce and Holloway, Susan D. and Liang, Xiaoyan},
  title     = {Family Selection of Child Care Centers: The Influence of Household Support, Ethnicity, and Parental Practices},
  journal   = {Child Development},
  volume    = {67},
  number    = {6},
  pages     = {3320--3337},
  year      = {1996},
  doi       = {10.2307/1131789}
}

@article{larsen2015accessibility,
  author    = {Larsen, John and El-Geneidy, Ahmed and Yasmin, Farzana},
  title     = {The Accessibility of Child Care Services: An Analysis of Toronto},
  journal   = {Journal of Transport Geography},
  volume    = {48},
  pages     = {41--49},
  year      = {2015},
  doi       = {10.1016/j.jtrangeo.2015.08.005}
}

@article{morrissey2010childcare,
  author    = {Morrissey, Taryn W.},
  title     = {Child Care and Child Development: What We Know and Why We Need to Know More},
  journal   = {Child Development Perspectives},
  volume    = {4},
  number    = {2},
  pages     = {87--92},
  year      = {2010},
  doi       = {10.1111/j.1750-8606.2010.00123.x}
}

@article{tekin2007childcare,
  author    = {Tekin, Erdal},
  title     = {Child Care Subsidies, Wages, and Employment of Single Mothers},
  journal   = {Journal of Human Resources},
  volume    = {42},
  number    = {2},
  pages     = {453--487},
  year      = {2007},
  doi       = {10.3368/jhr.XLII.2.453}
}


@article{hansmann1980role,
  title={The role of nonprofit enterprise},
  author={Hansmann, Henry},
  journal={Yale Law Journal},
  volume={89},
  number={5},
  pages={835--901},
  year={1980}
}

@book{salamon1995partners,
  title={Partners in public service: Government-nonprofit relations in the modern welfare state},
  author={Salamon, Lester M.},
  publisher={Johns Hopkins University Press},
  year={1995}
}

@book{bennett2011working,
  title={Working for inclusion: How early childhood education and care and its workforce can help Europe’s social and economic policies},
  author={Bennett, John and Moss, Peter},
  publisher={University of Edinburgh},
  year={2011}
}

@book{kaga2010caring,
  title={Caring and learning together: A cross-national study on the integration of early childhood care and education within education},
  author={Kaga, Yoshie and Bennett, John and Moss, Peter},
  publisher={UNESCO},
  year={2010}
}

@book{weisbrod1998profit,
  title={To profit or not to profit: The commercial transformation of the nonprofit sector},
  author={Weisbrod, Burton A.},
  publisher={Cambridge University Press},
  year={1998}
}

@book{penn2011quality,
  title={Quality in early childhood services: An international perspective},
  author={Penn, Helen},
  publisher={McGraw-Hill Education},
  year={2011}
}

@book{lloyd2012childcare,
  title={Childcare markets: Can they deliver an equitable service?},
  author={Lloyd, Eva and Penn, Helen},
  publisher={Policy Press},
  year={2012}
}

@book{harrell2015regression,
  title={Regression modeling strategies: With applications to linear models, logistic and ordinal regression, and survival analysis},
  author={Harrell, Frank E.},
  publisher={Springer},
  year={2015}
}

@book{burnham2004model,
  title={Model selection and multimodel inference: A practical information-theoretic approach},
  author={Burnham, Kenneth P. and Anderson, David R.},
  publisher={Springer},
  year={2004}
}

@book{menard2002applied,
  title={Applied logistic regression analysis},
  author={Menard, Scott},
  publisher={SAGE Publications},
  year={2002}
}

@book{hosmer2013applied,
  title={Applied logistic regression},
  author={Hosmer, David W. and Lemeshow, Stanley and Sturdivant, Rodney X.},
  publisher={Wiley},
  year={2013}
}

@book{singer2003applied,
  title={Applied longitudinal data analysis: Modeling change and event occurrence},
  author={Singer, Judith D. and Willett, John B.},
  publisher={Oxford University Press},
  year={2003}
}

@Manual{citearrow,
    title = {arrow: Integration to 'Apache' 'Arrow'},
    author = {Neal Richardson and Ian Cook and Nic Crane and Dewey Dunnington and Romain François and Jonathan Keane and Dragoș Moldovan-Grünfeld and Jeroen Ooms and Jacob Wujciak-Jens and {Apache Arrow}},
    year = {2024},
    note = {R package version 17.0.0.1},
    url = {https://CRAN.R-project.org/package=arrow},
  }

@book{anheier2005nonprofit,
  title={Nonprofit Organizations: Theory, Management, Policy},
  author={Anheier, Helmut K.},
  year={2005},
  publisher={Routledge}
}

@Manual{citebroom,
    title = {broom: Convert Statistical Objects into Tidy Tibbles},
    author = {David Robinson and Alex Hayes and Simon Couch},
    year = {2024},
    note = {R package version 1.0.7},
    url = {https://CRAN.R-project.org/package=broom},
  }

@Manual{citeggcorrplot,
    title = {ggcorrplot: Visualization of a Correlation Matrix using 'ggplot2'},
    author = {Alboukadel Kassambara},
    year = {2023},
    note = {R package version 0.1.4.1},
    url = {https://CRAN.R-project.org/package=ggcorrplot},
  }
  
@Manual{citegt,
    title = {gt: Easily Create Presentation-Ready Display Tables},
    author = {Richard Iannone and Joe Cheng and Barret Schloerke and Ellis Hughes and Alexandra Lauer and JooYoung Seo and Ken Brevoort and Olivier Roy},
    year = {2024},
    note = {R package version 0.11.1},
    url = {https://CRAN.R-project.org/package=gt},
  }
  
@Manual{citehere,
    title = {here: A Simpler Way to Find Your Files},
    author = {Kirill Müller},
    year = {2020},
    note = {R package version 1.0.1},
    url = {https://CRAN.R-project.org/package=here},
  }
  
@Manual{citekableExtra,
    title = {kableExtra: Construct Complex Table with 'kable' and Pipe Syntax},
    author = {Hao Zhu},
    year = {2024},
    note = {R package version 1.4.0},
    url = {https://CRAN.R-project.org/package=kableExtra},
  }
  
@Article{citemodelsummary,
    title = {{modelsummary}: Data and Model Summaries in {R}},
    author = {Vincent Arel-Bundock},
    journal = {Journal of Statistical Software},
    year = {2022},
    volume = {103},
    number = {1},
    pages = {1--23},
    doi = {10.18637/jss.v103.i01},
  }
  
@Article{citepROC,
    title = {pROC: an open-source package for R and S+ to analyze and compare ROC curves},
    author = {Xavier Robin and Natacha Turck and Alexandre Hainard and Natalia Tiberti and Frédérique Lisacek and Jean-Charles Sanchez and Markus Müller},
    year = {2011},
    journal = {BMC Bioinformatics},
    volume = {12},
    pages = {77},
  }
  
@Manual{citestats,
    title = {R: A Language and Environment for Statistical Computing},
    author = {{R Core Team}},
    organization = {R Foundation for Statistical Computing},
    address = {Vienna, Austria},
    year = {2024},
    url = {https://www.R-project.org/},
  }
  
@Manual{citetidyr,
    title = {tidyr: Tidy Messy Data},
    author = {Hadley Wickham and Davis Vaughan and Maximilian Girlich},
    year = {2024},
    note = {R package version 1.3.1},
    url = {https://CRAN.R-project.org/package=tidyr},
  }
  
@book{cleveland2005benefits,
  title={The Benefits and Costs of Good Child Care: The Economic Rationale for Public Investment in Young Children},
  author={Cleveland, Gordon and Krashinsky, Michael},
  year={2005},
  publisher={Childcare Resource and Research Unit, University of Toronto}
}

@article{friendly2022affordable,
  title={Child care affordability and accessibility: The role of the Canada-Wide Early Learning and Child Care program},
  author={Friendly, Martha and Ballantyne, Morna},
  journal={Canadian Public Policy},
  volume={48},
  number={2},
  pages={182--197},
  year={2022},
  publisher={University of Toronto Press}
}

@book{salamon2002tools,
  title={The Tools of Government: A Guide to the New Governance},
  author={Salamon, Lester M.},
  year={2002},
  publisher={Oxford University Press}
}

@article{yan2011impact,
  title={The Impact of Building Infrastructure on Child Care Accessibility and Subsidy Distribution},
  author={Yan, Hongmei},
  journal={Journal of Urban Policy and Management},
  volume={34},
  number={3},
  pages={245--262},
  year={2011},
  publisher={Urban Policy Press}
}

@Article{citeglmnet,
    title = {Elastic Net Regularization Paths for All Generalized Linear Models},
    author = {J. Kenneth Tay and Balasubramanian Narasimhan and Trevor Hastie},
    journal = {Journal of Statistical Software},
    year = {2023},
    volume = {106},
    number = {1},
    pages = {1--31},
    doi = {10.18637/jss.v106.i01},
  }
